

@misc{Label,
    note  = {https://s0.spsspro.com/resources/images/百分数与概率单位对照表.png}},
}


 @article{周琪琪,  
author={周琪琪 and 邵振国 and 林韩}, 
title={基于秩和比综合评价法的用户谐波危害分级评估}, 
journal={电力电容器与无功补偿}, 
year={2018}, 
volume={39}, 
number={5}, 
pages={116-122}, 
month={1}, 
}